@inproceedings{banjar2013experimental,
  title={Experimental study of liquid viscosity effect on two-phase stage performance of electrical submersible pumps},
  author={Banjar, HM and Gamboa, J and Zhang, H-Q and others},
  booktitle={SPE Annual Technical Conference and Exhibition},
  year={2013},
  organization={Society of Petroleum Engineers}
}

@book{barrios2007visualization,
  title={Visualization and modeling of multiphase performance inside an electrical submersible pump},
  author={Barrios, Lissett J},
  year={2007},
  publisher={ProQuest}
}
@phdthesis{beltur2003experimental,
  title={Experimental investigation of two-phase flow performance of ESP stages},
  author={Beltur, R},
  year={2003},
  school={Master Thesis, the University of Tulsa, Tulsa, Oklahoma}
}
@inproceedings{beltur2003analysis,
  title={Analysis of experimental data of ESP performance under two-phase flow conditions},
  author={Beltur, Raghavan and Prado, Mauricio and Duran, Javier and Pessoa, Rui and others},
  booktitle={SPE Production and Operations Symposium},
  year={2003},
  organization={Society of Petroleum Engineers}
}
@article{berkman1988dispersion,
  title={Dispersion of viscous liquids by turbulent flow in a static mixer},
  author={Berkman, Paul D and Calabrese, Richard V},
  journal={AIChE Journal},
  volume={34},
  number={4},
  pages={602--609},
  year={1988},
  publisher={Wiley Online Library}
}
@phdthesis{cirilo1998air,
  title={Air-water flow through electric submersible pumps},
  author={Cirilo, Roberto},
  year={1998},
  school={University of Tulsa, Department of Petroleum Engineering}
}
@article{chen1967drop,
  title={Drop size distribution in agitated liquid-liquid systems},
  author={Chen, Hsiao Tsung and Middleman, Stanley},
  journal={AIChE Journal},
  volume={13},
  number={5},
  pages={989--995},
  year={1967},
  publisher={Wiley Online Library}
}
@article{churchill1977friction,
  title={Friction-factor equation spans all fluid-flow regimes.},
  author={Churchill, Stuart W and SW, CHURCHILL},
  year={1977}
}
@book{clift2005bubbles,
  title={Bubbles, drops, and particles},
  author={Clift, Roland and Grace, John R and Weber, Martin E},
  year={2005},
  publisher={Courier Corporation}
}
@article{croce2014study,
  title={Study of water/Oil flow and emulsion formation in electrical submersible pumps},
  author={Croce Mundo, DD},
  journal={Master's Thesis, the University of Tulsa, Tulsa, OK, USA},
  year={2014}
}
@article{davis1992equation,
  title={Equation for the determination of the density of moist air (1981/91)},
  author={Davis, Richard S},
  journal={Metrologia},
  volume={29},
  number={1},
  pages={67--70},
  year={1992}
}
@phdthesis{duran2003pressure,
  title={Pressure Effects on ESP stages air-water performance},
  author={Duran, Javier},
  year={2003},
  school={University of Tulsa}
}
@article{estevam2002phenomenological,
  title={A phenomenological analysis about centrifugal pump in two-phase flow operation},
  author={Estevam, Valdir},
  journal={Campinas: Faculdade de Engenharia Mec{\^a}nica, Universidade Estadual de Campinas},
  year={2002}
}
@inproceedings{estevam2003mapping,
  title={Mapping the performance of centrifugal pumps under two-phase conditions},
  author={Estevam, V and Fran{\c{c}}a, FA and Alhanati, FJ},
  booktitle={Proceedings of the 17th International Congress of Mechanical Engineering, Sao Paulo, Brazil},
  pages={10--14},
  year={2003}
}
@article{furuya1985analytical,
  title={An analytical model for prediction of two-phase (noncondensable) flow pump performance},
  author={Furuya, Okitsugu},
  year={1985}
}
@book{gamboa2009prediction,
  title={Prediction of the transition in two-phase performance of an electrical submersible pump},
  author={Gamboa, Jose},
  year={2009},
  publisher={Proquest}
}
@article{lea1982effect,
  title={Effect of gaseous fluids on submersible pump performance},
  author={Lea, James F and Bearden, JL and others},
  journal={Journal of Petroleum Technology},
  volume={34},
  number={12},
  pages={2--922},
  year={1982},
  publisher={Society of Petroleum Engineers}
}
@article{legendre1998lift,
  title={The lift force on a spherical bubble in a viscous linear shear flow},
  author={Legendre, Dominique and Magnaudet, Jacques},
  journal={Journal of Fluid Mechanics},
  volume={368},
  pages={81--126},
  year={1998},
  publisher={Cambridge University Press}
}
@article{mansour2018effect,
  title={Effect of tip clearance gap and inducer on the transport of two-phase air-water flows by centrifugal pumps},
  author={Mansour, Michael and Wunderlich, Bernd and Th{\'e}venin, Dominique},
  journal={Experimental Thermal and Fluid Science},
  volume={99},
  pages={487--509},
  year={2018},
  publisher={Elsevier}
}
@article{minemura1998prediction,
  title={Prediction of air-water two-phase flow performance of a centrifugal pump based on one-dimensional two-fluid model},
  author={Minemura, Kiyoshi and Uchiyama, Tomomi and Shoda, Shinji and Egashira, Kazuyuki},
  year={1998}
}
@article{murakami1974effects1,
  title={Effects of entrained air on the performance of centrifugal pumps: 1nd report, performance and flow conditions},
  author={MURAKAMI, Mitsukiyo and MINEMURA, Kiyoshi},
  journal={Bulletin of JSME},
  volume={17},
  number={110},
  pages={1047-1055},
  year={1974},
  publisher={The Japan Society of Mechanical Engineers}
}
@article{murakami1974effects2,
  title={Effects of entrained air on the performance of centrifugal pumps: 2nd report, effects of number of blades},
  author={MURAKAMI, Mitsukiyo and MINEMURA, Kiyoshi},
  journal={Bulletin of JSME},
  volume={17},
  number={112},
  pages={1286--1295},
  year={1974},
  publisher={The Japan Society of Mechanical Engineers}
}
@article{neumann2016experimental,
  title={An experimental study on the gas entrainment in horizontally and vertically installed centrifugal pumps},
  author={Neumann, Martin and Sch{\"a}fer, Thomas and Bieberle, Andr{\'e} and Hampel, Uwe},
  journal={Journal of Fluids Engineering},
  volume={138},
  number={9},
  year={2016},
  publisher={American Society of Mechanical Engineers Digital Collection}
}
@inproceedings{pessoa2001experimental,
  title={Experimental investigation of two-phase flow performance of electrical submersible pump stages},
  author={Pessoa, Rui and Prado, Mauricio and others},
  booktitle={SPE Annual Technical Conference and Exhibition},
  year={2001},
  organization={Society of Petroleum Engineers}
}
@phdthesis{phongikaroon2001effect,
  title={Effect of dispersed phase viscosity and interfacial tension on drop size distribution in a batch rotor-stator mixer},
  author={Phongikaroon, S},
  year={2001},
  school={Ph. D. thesis, University of Maryland}
}
@article{rastello2011drag,
  title={Drag and lift forces on clean spherical and ellipsoidal bubbles in a solid-body rotating flow},
  author={Rastello, Marie and Mari{\'e}, Jean-Louis and Lance, Michel},
  journal={Journal of fluid mechanics},
  volume={682},
  pages={434--459},
  year={2011},
  publisher={Cambridge University Press}
}
@phdthesis{romero1999evaluation,
  title={An evaluation of an electrical submersible pumping system for high GOR wells},
  author={Romero, Meudys},
  year={1999},
  school={University of Tulsa}
}
@inproceedings{russell2013state,
  title={A state-of-the-art computational fluid dynamics simulation for erosion rates prediction in a bottom hole electrical submersible pump},
  author={Russell, Ronnie and Marsis, Emanuel and others},
  booktitle={SPE Heavy Oil Conference-Canada},
  year={2013},
  organization={Society of Petroleum Engineers}
}
@phdthesis{sachdeva1988two,
  title={Two-phase flow through electric submersible pumps},
  author={Sachdeva, Rajesh},
  year={1988},
  school={University of Tulsa}
}
@article{sachdeva1994performance,
  title={Performance of electric submersible pumps in gassy wells},
  author={Sachdeva, Rajesh and Doty, DR and Schmidt, Zelimir and others},
  journal={SPE Production \& Facilities},
  volume={9},
  number={01},
  pages={55--60},
  year={1994},
  publisher={Society of Petroleum Engineers}
}
@phdthesis{salehi2012esp,
  title={ESP performance in two-phase flow through mapping and surging tests at various rotational speeds and intake pressures},
  author={Salehi, E},
  year={2012},
  school={Master thesis, the University of Tulsa, Tulsa, OK}
}
@article{shen2020study,
  title={Study of the performance and internal flow in centrifugal pump with grooved volute casing},
  author={Shen, Zhengjing and Chu, Wuli and Yan, Song and Chen, Xiangyi and Guo, Zhengtao and Zhong, Yiming},
  journal={Modern Physics Letters B},
  volume={34},
  number={25},
  pages={2050268},
  year={2020},
  publisher={World Scientific}
}
@article{schafer2015application,
  title={Application of gamma-ray computed tomography for the analysis of gas holdup distributions in centrifugal pumps},
  author={Sch{\"a}fer, Thomas and Bieberle, Andr{\'e} and Neumann, Martin and Hampel, Uwe},
  journal={Flow Measurement and Instrumentation},
  volume={46},
  pages={262--267},
  year={2015},
  publisher={Elsevier}
}
@article{shi2018experiment,
  title={Experiment and numerical study of a new generation three-stage multiphase pump},
  author={Shi, Yi and Zhu, Hongwu and Zhang, Jinya and Zhang, Jiate and Zhao, Junlin},
  journal={Journal of Petroleum Science and Engineering},
  volume={169},
  pages={471--484},
  year={2018},
  publisher={Elsevier}
}
@phdthesis{solano2009viscous,
  title={Viscous effects on the performance of electro submersible pumps (ESP's)},
  author={Solano, Edgar A},
  year={2009},
  school={University of Tulsa}
}
@article{stepanoff1957centrifugal,
  title={Centrifugal and axial flow pumps},
  author={Stepanoff, Alexey Joakim},
  journal={Theory, Design, and Application},
  year={1957},
  publisher={Wiley}
}
@phdthesis{sun2003,
  title={Modeling gas-liquid head performance of electrical submersible pumps},
  author={Sun, Datong},
  year={2003},
  school={University of Tulsa, Department of Petroleum Engineering}
}
@article{sun2005modeling,
  title={Modeling gas-liquid head performance of electrical submersible pumps},
  author={Sun, Datong and Prado, Mauricio},
  journal={J. Pressure Vessel Technol.},
  volume={127},
  number={1},
  pages={31--38},
  year={2005}
}
@book{takacs2017electrical,
  title={Electrical submersible pumps manual: design, operations, and maintenance},
  author={Takacs, Gabor},
  year={2017},
  publisher={Gulf professional publishing}
}

@phdthesis{trevisan2009modeling,
  title={Modeling and visualization of air and viscous liquid in electrical submersible pump},
  author={Trevisan, Francisco Exaltacao},
  year={2009},
  school={University of Tulsa}
}
@article{verde2017experimental,
  title={Experimental study of gas-liquid two-phase flow patterns within centrifugal pumps impellers},
  author={Verde, William Monte and Biazussi, Jorge Luiz and Sassim, Natache Arrifano and Bannwart, Antonio Carlos},
  journal={Experimental Thermal and Fluid Science},
  volume={85},
  pages={37--51},
  year={2017},
  publisher={Elsevier}
}
@article{vieira2015analytical,
  title={Analytical study of pressure losses and fluid viscosity effects on pump performance during monophase flow inside an ESP stage},
  author={Vieira, Tatiane Silva and Siqueira, Jos{\'e} Ricardo and Bueno, Andr{\'e} Duarte and Morales, Rigoberto EM and Estevam, Valdir},
  journal={Journal of Petroleum Science and Engineering},
  volume={127},
  pages={245--258},
  year={2015},
  publisher={Elsevier}
}
@article{wiesner1967review,
  title={A review of slip factors for centrifugal impellers},
  author={Wiesner, FJ},
  year={1967}
}
@incollection{zakem1980determination,
  title={Determination of gas accumulation and two-phase slip velocity ratio in a rotating impeller},
  author={Zakem, S},
  booktitle={Polyphase flow and transportation technology},
  year={1980}
}
@phdthesis{zapata2003rotational,
  title={Rotational speed effects on ESP two-phase performance},
  author={Zapata, Luis Carlos},
  year={2003},
  school={University of Tulsa}
}
@book{zhang2017experiments,
  title={Experiments, CFD simulation and modeling of ESP performance under viscous fluid flow Conditions},
  author={Zhang, Jiecheng},
  year={2017},
  publisher={The University of Tulsa}
}
@article{zhou2010simple,
  title={Simple model of electric submersible pump in gassy well},
  author={Zhou, Desheng and Sachdeva, Rajesh},
  journal={Journal of Petroleum Science and Engineering},
  volume={70},
  number={3-4},
  pages={204--213},
  year={2010},
  publisher={Elsevier}
}
@phdthesis{zhu2019experiments,
  title={Experiments, CFD Simulation and Modeling of Sand Wear and Performance Degradation in ESPs},
  author={Zhu, Haiwen},
  year={2019},
  school={The University of Tulsa}
}
@article{zhu2016cfd,
  title={CFD simulation and experimental study of oil viscosity effect on multi-stage electrical submersible pump (ESP) performance},
  author={Zhu, Jianjun and Banjar, Hattan and Xia, Zhenyan and Zhang, Hong-Quan},
  journal={Journal of Petroleum Science and Engineering},
  volume={146},
  pages={735--745},
  year={2016},
  publisher={Elsevier}
}
@inproceedings{zhu2017experimental,
  title={An experimental study of surfactant effect on gas tolerance in electrical submersible pump (ESP)},
  author={Zhu, Jianjun and Zhu, Haiwen and Zhang, Jiecheng and Zhang, Hong-Quan},
  booktitle={ASME International Mechanical Engineering Congress and Exposition},
  volume={58424},
  pages={V007T09A038},
  year={2017},
  organization={American Society of Mechanical Engineers}
}
@book{zhu2017phd,
  title={Experiments, CFD simulation and modeling of ESP performance under gassy conditions},
  author={Zhu, Jianjun},
  year={2017},
  publisher={The University of Tulsa}
}
@article{zhu2019modeling,
  title={Modeling flow pattern transitions in electrical submersible pump under gassy flow conditions},
  author={Zhu, Jianjun and Zhang, Jiecheng and Cao, Guangqiang and Zhao, Qingqi and Peng, Jianlin and Zhu, Haiwen and Zhang, Hong-Quan},
  journal={Journal of Petroleum Science and Engineering},
  volume={180},
  pages={471--484},
  year={2019},
  publisher={Elsevier}
}
@article{zhu2018surfactant,
  title={Surfactant effect on air/water flow in a multistage electrical submersible pump (ESP)},
  author={Zhu, Jianjun and Zhu, Haiwen and Wang, Zhihua and Zhang, Jiecheng and Cuamatzi-Melendez, Ruben and Farfan, Jose Alberto Martinez and Zhang, Hong-Quan},
  journal={Experimental Thermal and Fluid Science},
  volume={98},
  pages={95--111},
  year={2018},
  publisher={Elsevier}
}
@article{zhu2020experimental,
  title={Experimental Study on Deteriorated Performance, Vibration, and Geometry Changes of an Electrical Submersible Pump Under Sand Water Flow Condition},
  author={Zhu, Haiwen and Zhu, Jianjun and Rutter, Risa and Zhang, Hong-Quan},
  journal={Journal of Energy Resources Technology},
  volume={143},
  number={8},
  year={2020},
  publisher={American Society of Mechanical Engineers Digital Collection}
}